@book {AbramowitzStegun,
    EDITOR = {M. Abramowitz and I. A. Stegun},
     TITLE = {Handbook of {M}athematical {F}unctions, with {F}ormulas, {G}raphs,
              and {M}athematical {T}ables},
    SERIES = {Graduate Studies in Mathematics},
 PUBLISHER = {Dover},
   ADDRESS = {New York},
      YEAR = {1965},
}


@book {AdamsFournier,
    AUTHOR = {Robert Adams and John Fournier},
     TITLE = {Sobolev {S}paces},
   EDITION = {2nd},
 PUBLISHER = {Academic Press},
      YEAR = {2003},
}
%    SERIES = {Pure and Applied Mathematics},
%    VOLUME = {140},


@book {BrennerScott,
    AUTHOR = {Susanne C. Brenner and L. Ridgway Scott},
     TITLE = {The {M}athematical {T}heory of {F}inite {E}lement {M}ethods},
     EDITION = {2nd},
    SERIES = {Texts in Applied Mathematics},
 PUBLISHER = {Springer},
   ADDRESS = {New York},
      YEAR = {2002},
}


@article {BLKCB,
    AUTHOR = {Ed Bueler and Craig S. Lingle and Jed A. Kallen-Brown and
              David N. Covey and Latrice N. Bowman},
     TITLE = {Exact solutions and verification of numerical models
              for isothermal ice sheets},
   JOURNAL = {J. Glaciol.},
    VOLUME = {51},
    NUMBER = {173},
     PAGES = {291--306},
      YEAR = {2005},
}



@unpublished {BuelerICEFEM,
    AUTHOR = {Ed Bueler},
     TITLE = {A finite element approximation for equilibrium ice sheets},
      YEAR = {2006},
}


@unpublished {BuelerPoisson,
    AUTHOR = {Ed Bueler},
     TITLE = {Poisson's equation by the {FEM} using a {MATLAB} mesh generator},
      NOTE = {\texttt{www.math.uaf.edu/ $\sim$bueler/poissonv2.pdf}},
      YEAR = {2004},
}


@unpublished {BuelerPoissoncont,
    AUTHOR = {Ed Bueler},
     TITLE = {Poisson's equation by the {FEM}, continued: general boundary
              conditions and error analysis},
      NOTE = {\texttt{www.math.uaf.edu/ $\sim$bueler/poissoncont.pdf}},
      YEAR = {2004},
}


@book {BurdenFaires,
    AUTHOR = {Burden, Richard L. and Faires, J. Douglas},
     TITLE = {Numerical {A}nalysis},
 PUBLISHER = {Brooks/Cole},
   ADDRESS = {Pacific Grove, CA},
      YEAR = {2001},
   EDITION = {Seventh},
}


@book {Carothers,
    AUTHOR = {N. L. Carothers},
     TITLE = {A {S}hort {C}ourse on {B}anach {S}pace {T}heory},
 PUBLISHER = {Cambridge University Press},
   ADDRESS = {Cambridge, UK},
      YEAR = {2005},
}
%    SERIES = {London Mathematical Society Student Texts},
%    VOLUME = {64},


@article {ChoeLewis,
    AUTHOR = {Choe, Hi Jun and Lewis, John L.},
     TITLE = {On the obstacle problem for quasilinear elliptic equations of
              {$p$} {L}aplacian type},
   JOURNAL = {SIAM J. Math. Anal.},
    VOLUME = {22},
      YEAR = {1991},
    NUMBER = {3},
     PAGES = {623--638},
}


@book {Ciarlet,
    AUTHOR = {Phillipe G. Ciarlet},
     TITLE = {The {F}inite {E}lement {M}ethod for {E}lliptic  {P}roblems},
 PUBLISHER = {North-Holland},
      YEAR = {1978},
}


@article {CDDSV,
    AUTHOR = {N. Calvo and J. D\'iaz and J. Durany and E. Schiavi
              and C. V\'azquez},
     TITLE = {On a doubly nonlinear parabolic obstacle problem modelling
              ice sheet dynamics},
      YEAR = {2002},
   JOURNAL = {SIAM J. Appl. Math.},
    VOLUME = {63},
    NUMBER = {2},
     PAGES = {683--707},
}


@article {ColingeRappaz,
    AUTHOR = {Colinge, Jacques and Rappaz, Jacques},
     TITLE = {A strongly nonlinear problem arising in glaciology},
   JOURNAL = {Math. Model. Numer. Anal.},
  FJOURNAL = {M2AN. Mathematical Modelling and Numerical Analysis},
    VOLUME = {33},
      YEAR = {1999},
    NUMBER = {2},
     PAGES = {395--406},
}

@article {EISMINT96,
    AUTHOR = {P. Huybrechts and others},
     TITLE = {The {EISMINT} benchmarks for testing ice-sheet models},
   JOURNAL = {Ann. Glaciol.},
    VOLUME = {23},
     PAGES = {1--12},
      YEAR = {1996},
}


@article {EISMINT00,
    AUTHOR = {A. Payne and others},
     TITLE = {Results from the {EISMINT} model intercomparison: the effects of
              thermomechanical coupling},
   JOURNAL = {J. Glaciol.},
    VOLUME = {153},
     PAGES = {227--238},
      YEAR = {2000},
}


@book {Evans,
    AUTHOR = {Lawrence C. Evans},
     TITLE = {Partial {D}ifferential {E}quations},
 PUBLISHER = {American Mathematical Society},
      YEAR = {1998},
}
%    SERIES = {Graduate Studies in Mathematics},
%    VOLUME = {19},


@book {Folland,
    AUTHOR = {Gerald B. Folland},
     TITLE = {Real {A}nalysis: {M}odern {T}echniques and {T}heir
              {A}pplications},
   EDITION = {2nd},
 PUBLISHER = {John Wiley \& Sons, Inc.},
   ADDRESS = {New York},
      YEAR = {1999},
}

@book {Fowler,
    AUTHOR = {A. C. Fowler},
     TITLE = {Mathematical Models in the Applied Sciences},
 PUBLISHER = {Cambridge Univ. Press},
      YEAR = {1997},
}
%    SERIES = {Cambridge Texts in Applied Mathematics},


@book {GilbargTrudinger,
    AUTHOR = {David Gilbarg and Neil S. Trudinger},
     TITLE = {Elliptic {P}artial {D}ifferential {E}quations of
              {S}econd {O}rder},
 PUBLISHER = {Springer},
   ADDRESS = {Berlin Heidelberg},
      YEAR = {2001},
}
%    SERIES = {Classics of Mathematics},
%      NOTE = {Reprint of the 1998 {E}dition},


@book {Glowinski,
    AUTHOR = {Glowinski, Roland},
     TITLE = {Numerical {M}ethods for {N}onlinear {V}ariational {P}roblems},
    SERIES = {Springer Series in Computational Physics},
 PUBLISHER = {Springer-Verlag},
   ADDRESS = {New York},
      YEAR = {1984},
     PAGES = {xv+493},
}


@book {GLT,
    AUTHOR = {Glowinski, Roland and Lions, Jacques-Louis and
              Tr{\'e}moli{\`e}res, Raymond},
     TITLE = {Numerical {A}nalysis of {V}ariational {I}nequalities},
 PUBLISHER = {North-Holland Publishing Co.},
   ADDRESS = {Amsterdam},
      YEAR = {1981},
}
%    SERIES = {Studies in Mathematics and its Applications},
%    VOLUME = {8},
%      NOTE = {Translated from the French},


@article {GlowinskiMarroco,
    AUTHOR = {Glowinski, R. and Marroco, A.},
     TITLE = {Sur l'approximation, par \'el\'ements finis d'ordre un, et la
              r\'esolution, par p\'enalisation-dualit\'e, d'une classe de
              probl\`emes de {D}irichlet non lin\'eaires},
   JOURNAL = {Rev. Fran\c caise Automat. Informat. Recherche
              Op\'erationnelle (RAIRO Analyse Num\'erique)},
    VOLUME = {9},
      YEAR = {1975},
    NUMBER = {R-2},
     PAGES = {41--76},
      ISSN = {0399-0516},
}


@article {GoldsbyKohlstedt,
    AUTHOR = {D. L. Goldsby and D. L. Kohlstedt},
     TITLE = {Superplastic deformation of ice: experimental observations},
   JOURNAL = {J. Geophys. Res.},
    VOLUME = {106},
    NUMBER = {M6},
     PAGES = {11017--11030},
      YEAR = {2001},
}


@book {Grisvard,
    AUTHOR = {P. Grisvard},
     TITLE = {Elliptic {P}roblems in {N}onsmooth {D}omains},
 PUBLISHER = {Pitman},
      YEAR = {1985},
}


@article {Halfar83,
    AUTHOR = {P. Halfar},
     TITLE = {On the dynamics of the ice sheets 2},
   JOURNAL = {J. Geophys. Res.},
    VOLUME = {88},
    NUMBER = {C10},
     PAGES = {6043--6051},
      YEAR = {1983},
}


@article {HindmarshPayne,
    AUTHOR = {R. C. A. Hindmarsh and A. J. Payne},
     TITLE = {Time--step limits for stable solutions of the ice--sheet equation},
   JOURNAL = {Ann. Glaciol.},
    VOLUME = {23},
     PAGES = {74--85},
      YEAR = {1996},
}


@article {Hooke,
    AUTHOR = {Roger LeB. Hooke},
     TITLE = {Flow law for polycrystalline ice in glaciers: comparison of
              theoretical predictions, laboratory data, and field measurements},
   JOURNAL = {Rev. Geophys. Space. Phys.},
    VOLUME = {19},
    NUMBER = {4},
     PAGES = {664--672},
      YEAR = {1981},
}


@book {Hookebook,
    AUTHOR = {Roger LeB. Hooke},
     TITLE = {Principles of {G}lacier {M}echanics},
   EDITION = {2nd},
 PUBLISHER = {Cambridge University Press},
      YEAR = {2005},
}


@article {Hoppe,
    AUTHOR = {Hoppe, Ronald H. W.},
     TITLE = {Multigrid algorithms for variational inequalities},
   JOURNAL = {SIAM J. Numer. Anal.},
    VOLUME = {24},
      YEAR = {1987},
    NUMBER = {5},
     PAGES = {1046--1065},
      ISSN = {0036-1429},
}


@article {HoppeKornhuber,
    AUTHOR = {Hoppe, R. H. W. and Kornhuber, R.},
     TITLE = {Adaptive multilevel methods for obstacle problems},
   JOURNAL = {SIAM J. Numer. Anal.},
    VOLUME = {31},
      YEAR = {1994},
    NUMBER = {2},
     PAGES = {301--323},
      ISSN = {0036-1429},
}


@inproceedings {Hutter99,
    AUTHOR = {K. Hutter},
     TITLE = {Mathematical foundation of ice sheet and ice shelf dynamics,
              a physicist's view},
 BOOKTITLE = {Free Boundary Problems: Theory and Applications},
    EDITOR = {I. Athanasopoulos and others},
 PUBLISHER = {Chapman \& Hall},
      YEAR = {1999},
}


@book {Johnson,
    AUTHOR = {Claes Johnson},
     TITLE = {Numerical {S}olution of {P}artial {D}ifferential {E}quations
              by the {F}inite {E}lement {M}ethod},
 PUBLISHER = {Cambridge University Press},
      YEAR = {1987},
}


@book {KS,
    AUTHOR = {David Kinderlehrer and Guido Stampacchia},
     TITLE = {An {I}ntroduction to {V}ariational {I}nequalities and their
              {A}pplications},
 PUBLISHER = {Academic Press},
      YEAR = {1980},
}
%    SERIES = {Pure and Applied Mathematics},
%    VOLUME = {88},


@article {Kornhuber94,
    AUTHOR = {Kornhuber, Ralf},
     TITLE = {Monotone multigrid methods for elliptic variational
              inequalities. {I}},
   JOURNAL = {Numer. Math.},
    VOLUME = {69},
      YEAR = {1994},
    NUMBER = {2},
     PAGES = {167--184},
}


@article {Kornhuber96,
    AUTHOR = {Kornhuber, Ralf},
     TITLE = {Monotone multigrid methods for elliptic variational
              inequalities. {II}},
   JOURNAL = {Numer. Math.},
  FJOURNAL = {Numerische Mathematik},
    VOLUME = {72},
      YEAR = {1996},
    NUMBER = {4},
     PAGES = {481--499},
}


@book {Lax,
    AUTHOR = {Peter D. Lax},
     TITLE = {{F}unctional {A}nalysis},
 PUBLISHER = {Wiley-Interscience},
   ADDRESS = {New York},
      YEAR = {2002},
}


@article {Lindqvist,
    AUTHOR = {Lindqvist, Peter},
     TITLE = {Regularity for the gradient of the solution to a nonlinear
              obstacle problem with degenerate ellipticity},
   JOURNAL = {Nonlinear Anal.},
    VOLUME = {12},
      YEAR = {1988},
    NUMBER = {11},
     PAGES = {1245--1255},
}

@article {MichaelZiemer,
    AUTHOR = {Michael, J. H. and Ziemer, William P.},
     TITLE = {Interior regularity for solutions to obstacle problems},
   JOURNAL = {Nonlinear Anal.},
    VOLUME = {10},
      YEAR = {1986},
    NUMBER = {12},
     PAGES = {1427--1448},
}


@article {Mu,
    AUTHOR = {Mu, Jun},
     TITLE = {Higher regularity of the solution to the {$p$}-{L}aplacian
              obstacle problem},
   JOURNAL = {J. Differential Equations},
    VOLUME = {95},
      YEAR = {1992},
    NUMBER = {2},
     PAGES = {370--384},
}


@article {Norando,
    AUTHOR = {Norando, Tullia},
     TITLE = {{$C\sp {1,\alpha}$} local regularity for a class of
              quasilinear elliptic variational inequalities},
   JOURNAL = {Boll. Un. Mat. Ital. C (6)},
  FJOURNAL = {Unione Matematica Italiana. Bollettino. C. Serie VI. Analisi
              Funzionale e Applicazioni},
    VOLUME = {5},
      YEAR = {1986},
    NUMBER = {1},
     PAGES = {281--292 (1987)},
     CODEN = {BOLMAM},
   MRCLASS = {35J85 (35J70 49A29)},
  MRNUMBER = {MR897200 (88m:35068)},
MRREVIEWER = {Michael Wiegner},
}


@book{Paterson,
    AUTHOR = {W. S. B. Paterson},
     TITLE = {The {P}hysics of {G}laciers},
 PUBLISHER = {Pergamon},
   EDITION = {3rd},
      YEAR = {1994},
}


@article {PatersonBudd,
    AUTHOR = {W. S. B. Paterson and W. F. Budd},
     TITLE = {Flow parameters for ice sheet modeling},
   JOURNAL = {Cold Reg. Sci. Technol.},
    VOLUME = {6},
    NUMBER = {2},
     PAGES = {175--177},
      YEAR = {1982},
}


@article {PerssonStrang,
    AUTHOR = {Per-Olof Persson and Gilbert Strang},
     TITLE = {A Simple Mesh Generator in {MATLAB}},
      YEAR = {2004},
   JOURNAL = {SIAM Review},
    VOLUME = {46},
    NUMBER = {2},
     PAGES = {329--345},
}


@book {Rockafellar,
    AUTHOR = {Rockafellar, R. Tyrrell},
     TITLE = {Convex {A}nalysis},
    SERIES = {Princeton Mathematical Series, No. 28},
 PUBLISHER = {Princeton University Press},
   ADDRESS = {Princeton, N.J.},
      YEAR = {1970},
}

@book {Rodrigues,
    AUTHOR = {Rodrigues, Jos{\'e}-Francisco},
     TITLE = {Obstacle {P}roblems in {M}athematical {P}hysics},
    SERIES = {North-Holland Mathematics Studies},
    VOLUME = {134},
 PUBLISHER = {North-Holland Publishing Co.},
   ADDRESS = {Amsterdam},
      YEAR = {1987},
     PAGES = {xvi+352},
}


@article {SchoofTill,
    AUTHOR = {Christian Schoof},
     TITLE = {Variational methods for glacier flow over plastic till},
      NOTE = {in press},
   JOURNAL = {J. Fluid Mech.},
}


@article {SchoofStream,
    AUTHOR = {Christian Schoof},
     TITLE = {A variational approach to ice stream flow},
      NOTE = {in press},
   JOURNAL = {J. Fluid Mech.},
}


@book {TrefethenLA,
    AUTHOR = {Lloyd N. Trefethen},
     TITLE = {Numerical {L}inear {A}lgebra},
 PUBLISHER = {SIAM},
   ADDRESS = {Philadelphia},
      YEAR = {1997},
}
